%
%  An example of a bibliographical database for bibTeX
%
%  Recommended software for maintenance of *.bib files:
%    JabRef, http://jabref.sourceforge.net/
%
%  BEWARE:
%
%    *  If a name contains a capital letter, which must be kept such,
%       use curly brackets ({T}hailand, {HIV}).
%
%  ===========================================================================

@ONLINE{refTag,
  title = "Dummy Title",
  url = "https://www.my-web-address.com/documentation",
  addendum = "(accessed: Jan 15, 2021)",
  keywords = "python,data-lineage,manta"
}

@article{turing,
    author = {Turing, A. M.},
    title = "{On Computable Numbers, with an Application to the Entscheidungsproblem}",
    journal = {Proceedings of the London Mathematical Society},
    volume = {s2-42},
    number = {1},
    pages = {230-265},
    year = {1937},
    month = {01},
    issn = {0024-6115},
    doi = {10.1112/plms/s2-42.1.230},
    url = {https://doi.org/10.1112/plms/s2-42.1.230},
    eprint = {https://academic.oup.com/plms/article-pdf/s2-42/1/230/4317544/s2-42-1-230.pdf},
}



